@book{aser2018,
  title={Annual Status of Education Report (Rural)},
  year={2018},
  author={Pratham},
  publisher = {ASER Centre}
}

@article{filmer2018learning,
  title={Learning to Realize Educationâ€™s Promise},
  author={Filmer, Deon and Langthaler, Margarita and Stehrer, Robert and Vogel, Thomas},
  journal={World Development Report. The World Bank},
  year={2018}
}


@book{desai2015india,
  title={India human development survey-ii (ihds-ii), 2011-12},
  author={Desai, Sonalde and Vanneman, Reeve},
  year={2015},
  publisher={Inter-university Consortium for Political and Social Research Ann Arbor, MI}
}


@article{vagh2012validating,
  title={Validating the ASER testing tools: Comparisons with reading fluency measures and the Read India measures},
  author={Vagh, Shaher Banu},
  journal={Unpublished report. Retrieved July},
  volume={30},
  year={2012}
}

@article{kane2002promise,
  title={The promise and pitfalls of using imprecise school accountability measures},
  author={Kane, Thomas J and Staiger, Douglas O},
  journal={Journal of Economic perspectives},
  volume={16},
  number={4},
  pages={91--114},
  year={2002}
}

@article{ramaswami2010survey,
  title={Survey Design and Precision of ASER Estimates},
  author={Ramaswami, Bharat and Wadhwa, Wilima},
  journal={New Delhi: ASER Centre. http://img. asercentre. org/docs/Aser\% 20survey/Technical\% 20Papers/precisionofaserestimates\_ramaswami \_wadhwa. pdf},
  year={2010}
}


@article{griliches1986errors,
  title={Errors in variables in panel data},
  author={Griliches, Zvi and Hausman, Jerry A},
  journal={Journal of econometrics},
  volume={31},
  number={1},
  pages={93--118},
  year={1986},
  publisher={Elsevier}
}

@article{muralidharan2018improving,
  title={Improving Public Sector Management at Scale?},
  author={Muralidharan, Karthik and Singh, Abhijeet},
  year={2018}
}

@article{chay2005central,
  title={The central role of noise in evaluating interventions that use test scores to rank schools},
  author={Chay, Kenneth Y and McEwan, Patrick J and Urquiola, Miguel},
  journal={American Economic Review},
  volume={95},
  number={4},
  pages={1237--1258},
  year={2005}
}

@article{kane2002volatility,
  title={Volatility in school test scores: Implications for test-based accountability systems},
  author={Kane, Thomas J and Staiger, Douglas O and Grissmer, David and Ladd, Helen F},
  journal={Brookings papers on education policy},
  number={5},
  pages={235--283},
  year={2002},
  publisher={JSTOR}
}